@article{Freedman,
      author         = "Freedman, W.L. and others",
      title          = "{Final results from the Hubble Space Telescope key
                        project to measure the Hubble constant}",
      collaboration  = "HST",
      journal        = "Astrophys.J.",
      volume         = "553",
      pages          = "47-72",
      doi            = "10.1086/320638",
      year           = "2001",
      eprint         = "astro-ph/0012376",
      archivePrefix  = "arXiv",
      primaryClass   = "astro-ph",
      SLACcitation   = "%%CITATION = ASTRO-PH/0012376;%%",
}

@article{Planck,
      author         = "Ade, P.A.R. and others",
      title          = "{Planck 2015 results. XIII. Cosmological parameters}",
      collaboration  = "Planck",
      year           = {2015},
      eprint         = {1502.01589},
      archivePrefix  = {arXiv},
      primaryClass   = {astro-ph.CO},
      SLACcitation   = {%%CITATION = ARXIV:1502.01589;%%},
}

@article{Lahav,
      author         = "Lahav, Ofer and Liddle, Andrew R",
      title          = "{The Cosmological parameters}",
      collaboration  = "PDP",
      year           = "2004",
      eprint         = "astro-ph/0406681",
      archivePrefix  = "arXiv",
      primaryClass   = "astro-ph",
      SLACcitation   = "%%CITATION = ASTRO-PH/0406681;%%",
}

@article{Eisenstein:2005su,
      author         = "Eisenstein, Daniel J. and others",
      title          = "{Detection of the baryon acoustic peak in the large-scale
                        correlation function of SDSS luminous red galaxies}",
      collaboration  = "SDSS",
      journal        = "Astrophys.J.",
      volume         = "633",
      pages          = "560-574",
      doi            = "10.1086/466512",
      year           = "2005",
      eprint         = "astro-ph/0501171",
      archivePrefix  = "arXiv",
      primaryClass   = "astro-ph",
      reportNumber   = "FERMILAB-PUB-05-057-A-CD",
      SLACcitation   = "%%CITATION = ASTRO-PH/0501171;%%",
}

@book{liddle2013introduction,
  title={An introduction to modern cosmology},
  author={Liddle, Andrew},
  year={2013},
  publisher={John Wiley \& Sons}
}

@book{hobson2006general,
  title={General relativity: an introduction for physicists},
  author={Hobson, Michael Paul and Efstathiou, George P and Lasenby, Anthony N},
  year={2006},
  publisher={Cambridge University Press}
}

@article{Guth:1980zm,
      author         = "Guth, Alan H.",
      title          = "{The Inflationary Universe: A Possible Solution to the
                        Horizon and Flatness Problems}",
      journal        = "Phys.Rev.",
      volume         = "D23",
      pages          = "347-356",
      doi            = "10.1103/PhysRevD.23.347",
      year           = "1981",
      reportNumber   = "SLAC-PUB-2576",
      SLACcitation   = "%%CITATION = PHRVA,D23,347;%%",
}

@article{Mather:1993ij,
      author         = "Mather, John C. and Cheng, E.S. and Cottingham, D.A. and
                        Eplee, R.E. and Fixsen, D.J. and others",
      title          = "{Measurement of the Cosmic Microwave Background spectrum
                        by the COBE FIRAS instrument}",
      collaboration  = "COBE",
      journal        = "Astrophys.J.",
      volume         = "420",
      pages          = "439-444",
      doi            = "10.1086/173574",
      year           = "1994",
      SLACcitation   = "%%CITATION = ASJOA,420,439;%%",
}

@book{lyth2009primordial,
  title={The primordial density perturbation: Cosmology, inflation and the origin of structure},
  author={Lyth, David H and Liddle, Andrew R},
  year={2009},
  publisher={Cambridge University Press}
}

@article{Baumann:2009ds,
      author         = "Baumann, Daniel",
      title          = "{TASI Lectures on Inflation}",
      year           = "2009",
      eprint         = "0907.5424",
      archivePrefix  = "arXiv",
      primaryClass   = "hep-th",
      reportNumber   = "TASI-2009",
      SLACcitation   = "%%CITATION = ARXIV:0907.5424;%%",
}

@book{kibble2004classical,
  title={Classical mechanics},
  author={Kibble, Thomas Walter Bannerman and Berkshire, Frank H and Kibble, TWB},
  volume={5},
  year={2004},
  publisher={Imperial College Press London:}
}

@book{mandl2010quantum,
  title={Quantum field theory},
  author={Mandl, Franz and Shaw, Graham},
  year={2010},
  publisher={John Wiley \& Sons}
}

@article{Mukhanov:1990me,
      author         = "Mukhanov, Viatcheslav F. and Feldman, H.A. and
                        Brandenberger, Robert H.",
      title          = "{Theory of cosmological perturbations. Part 1. Classical
                        perturbations. Part 2. Quantum theory of perturbations.
                        Part 3. Extensions}",
      journal        = "Phys.Rept.",
      volume         = "215",
      pages          = "203-333",
      doi            = "10.1016/0370-1573(92)90044-Z",
      year           = "1992",
      reportNumber   = "BROWN-HET-796, BROWN-HET-800, BROWN-HET-780",
      SLACcitation   = "%%CITATION = PRPLC,215,203;%%",
}

@article{Langlois:2004de,
      author         = "Langlois, David",
      title          = "{Inflation, quantum fluctuations and cosmological
                        perturbations}",
      pages          = "235-278",
      year           = "2004",
      eprint         = "hep-th/0405053",
      archivePrefix  = "arXiv",
      primaryClass   = "hep-th",
      SLACcitation   = "%%CITATION = HEP-TH/0405053;%%",
}

@book{Weinberg:2008zzc,
      author         = "Weinberg, Steven",
      title          = "{Cosmology}",
      year           = "2008",
      publisher={Oxford Univ. Press},
      reportNumber   = "ISBN-9780198526827",
      SLACcitation   = "%%CITATION = ISBN-9780198526827 ETC.;%%",
}

@article{Bardeen:1983qw,
      author         = "Bardeen, James M. and Steinhardt, Paul J. and Turner,
                        Michael S.",
      title          = "{Spontaneous Creation of Almost Scale - Free Density
                        Perturbations in an Inflationary Universe}",
      journal        = "Phys.Rev.",
      volume         = "D28",
      pages          = "679",
      doi            = "10.1103/PhysRevD.28.679",
      year           = "1983",
      reportNumber   = "UPR-0202T, EFI-83-13-CHICAGO",
      SLACcitation   = "%%CITATION = PHRVA,D28,679;%%",
}

@article{hilbert1915grundlagen,
  title={Die Grundlagen der Physik.(Erste Mitteilung.)},
  author={Hilbert, David},
  journal={Nachrichten von der Gesellschaft der Wissenschaften zu G{\"o}ttingen, Mathematisch-Physikalische Klasse},
  volume={1915},
  pages={395--408},
  year={1915}
}

@article{Arnowitt:1962hi,
      author         = "Arnowitt, Richard L. and Deser, Stanley and Misner,
                        Charles W.",
      title          = "{The Dynamics of general relativity}",
      journal        = "Gen.Rel.Grav.",
      volume         = "40",
      pages          = "1997-2027",
      doi            = "10.1007/s10714-008-0661-1",
      year           = "2008",
      eprint         = "gr-qc/0405109",
      archivePrefix  = "arXiv",
      primaryClass   = "gr-qc",
      SLACcitation   = "%%CITATION = GR-QC/0405109;%%",
}

@article{Maldacena:2002vr,
      author         = "Maldacena, Juan Martin",
      title          = "{Non-Gaussian features of primordial fluctuations in
                        single field inflationary models}",
      journal        = "JHEP",
      volume         = "0305",
      pages          = "013",
      doi            = "10.1088/1126-6708/2003/05/013",
      year           = "2003",
      eprint         = "astro-ph/0210603",
      archivePrefix  = "arXiv",
      primaryClass   = "astro-ph",
      SLACcitation   = "%%CITATION = ASTRO-PH/0210603;%%",
}

@article{Mukhanov:1985rz,
      author         = "Mukhanov, Viatcheslav F.",
      title          = "{Gravitational Instability of the Universe Filled with a
                        Scalar Field}",
      journal        = "JETP Lett.",
      volume         = "41",
      pages          = "493-496",
      year           = "1985",
      SLACcitation   = "%%CITATION = JTPLA,41,493;%%",
}

@article{Sasaki:1986hm,
      author         = "Sasaki, Misao",
      title          = "{Large Scale Quantum Fluctuations in the Inflationary
                        Universe}",
      journal        = "Prog.Theor.Phys.",
      volume         = "76",
      pages          = "1036",
      doi            = "10.1143/PTP.76.1036",
      year           = "1986",
      reportNumber   = "RRK-86-29",
      SLACcitation   = "%%CITATION = PTPKA,76,1036;%%",
}

@book{liddle2000cosmological,
  title={Cosmological inflation and large-scale structure},
  author={Liddle, Andrew R and Lyth, David H},
  year={2000},
  publisher={Cambridge University Press}
}

@Misc{Scipy,
  author =    {Eric Jones and Travis Oliphant and Pearu Peterson and others},
  title =     {{SciPy}: Open source scientific tools for {Python}},
  year =      {2001--},
  url = "http://www.scipy.org/",
  note = {[Online; accessed 2015-04-25]}
}

@book{oliphant2006guide,
  title={A guide to NumPy},
  author={Oliphant, Travis E},
  volume={1},
  year={2006},
  publisher={Trelgol Publishing USA},
  url = "http://www.numpy.org"
}

@article{hunter2007matplotlib,
  title={Matplotlib: A 2D graphics environment},
  author={Hunter, John D},
  journal={Computing in science and engineering},
  volume={9},
  number={3},
  pages={90--95},
  year={2007},
  url = "http://matplotlib.org"
}

@article{Ringeval:2007am,
      author         = "Ringeval, Christophe",
      title          = "{The exact numerical treatment of inflationary models}",
      journal        = "Lect.Notes Phys.",
      volume         = "738",
      pages          = "243-273",
      doi            = "10.1007/978-3-540-74353-8_7",
      year           = "2008",
      eprint         = "astro-ph/0703486",
      archivePrefix  = "arXiv",
      primaryClass   = "ASTRO-PH",
      SLACcitation   = "%%CITATION = ASTRO-PH/0703486;%%",
}

@article{Salopek:1988qh,
      author         = "Salopek, D.S. and Bond, J.R. and Bardeen, James M.",
      title          = "{Designing Density Fluctuation Spectra in Inflation}",
      journal        = "Phys.Rev.",
      volume         = "D40",
      pages          = "1753",
      doi            = "10.1103/PhysRevD.40.1753",
      year           = "1989",
      reportNumber   = "PRINT-88-0833 (CANADA)",
      SLACcitation   = "%%CITATION = PHRVA,D40,1753;%%",
}

@article{Ade:2014xna,
      author         = "Ade, P.A.R. and others",
      title          = "{Detection of $B$-Mode Polarization at Degree Angular
                        Scales by BICEP2}",
      collaboration  = "BICEP2",
      journal        = "Phys.Rev.Lett.",
      number         = "24",
      volume         = "112",
      pages          = "241101",
      doi            = "10.1103/PhysRevLett.112.241101",
      year           = "2014",
      eprint         = "1403.3985",
      archivePrefix  = "arXiv",
      primaryClass   = "astro-ph.CO",
      SLACcitation   = "%%CITATION = ARXIV:1403.3985;%%",
}

@article{Ade:2015fwj,
      author         = "Ade, P.A.R. and others",
      title          = "{BICEP2 / Keck Array V: Measurements of B-mode
                        Polarization at Degree Angular Scales and 150 GHz by the
                        Keck Array}",
      collaboration  = "BICEP2, Keck Array",
      year           = "2015",
      eprint         = "1502.00643",
      archivePrefix  = "arXiv",
      primaryClass   = "astro-ph.CO",
      SLACcitation   = "%%CITATION = ARXIV:1502.00643;%%",
}

@misc{xyscan,
	author = {Ullrich, Thomas and others},
	title = {xyscan},
	year = {2008},
	url = "http://www.star.bnl.gov/public/comp/vis/Thomas/xyscanDistributionPage/",
	note = {[Online; accessed 2015-04-27]},
}

@article{White:1995ic,
      author         = "White, Martin J. and Bunn, Emory F.",
      title          = "{The COBE normalization of CMB anisotropies}",
      journal        = "Astrophys.J.",
      volume         = "450",
      pages          = "477",
      doi            = "10.1086/176158",
      year           = "1995",
      eprint         = "astro-ph/9503054",
      archivePrefix  = "arXiv",
      primaryClass   = "astro-ph",
      reportNumber   = "CFPA-95-TH-02",
      SLACcitation   = "%%CITATION = ASTRO-PH/9503054;%%",
}

@article{Silverstein:2008sg,
      author         = "Silverstein, Eva and Westphal, Alexander",
      title          = "{Monodromy in the CMB: Gravity Waves and String
                        Inflation}",
      journal        = "Phys.Rev.",
      volume         = "D78",
      pages          = "106003",
      doi            = "10.1103/PhysRevD.78.106003",
      year           = "2008",
      eprint         = "0803.3085",
      archivePrefix  = "arXiv",
      primaryClass   = "hep-th",
      reportNumber   = "SU-ITP-08-07, SLAC-PUB-13183",
      SLACcitation   = "%%CITATION = ARXIV:0803.3085;%%",
}

@article{Silverstein:2013wua,
      author         = "Silverstein, Eva",
      title          = "{Les Houches lectures on inflationary observables and
                        string theory}",
      year           = "2013",
      eprint         = "1311.2312",
      archivePrefix  = "arXiv",
      primaryClass   = "hep-th",
      reportNumber   = "SU-ITP-13-22",
      SLACcitation   = "%%CITATION = ARXIV:1311.2312;%%",
}

@article{Planck:2013jfk,
      author         = "Ade, P.A.R. and others",
      title          = "{Planck 2013 results. XXII. Constraints on inflation}",
      collaboration  = "Planck",
      journal        = "Astron.Astrophys.",
      volume         = "571",
      pages          = "A22",
      doi            = "10.1051/0004-6361/201321569",
      year           = "2014",
      eprint         = "1303.5082",
      archivePrefix  = "arXiv",
      primaryClass   = "astro-ph.CO",
      SLACcitation   = "%%CITATION = ARXIV:1303.5082;%%",
}

@article{Burgess:2013sla,
      author         = "Burgess, C.P. and Cicoli, M. and Quevedo, F.",
      title          = "{String Inflation After Planck 2013}",
      journal        = "JCAP",
      volume         = "1311",
      pages          = "003",
      doi            = "10.1088/1475-7516/2013/11/003",
      year           = "2013",
      eprint         = "1306.3512",
      archivePrefix  = "arXiv",
      primaryClass   = "hep-th",
      reportNumber   = "DAMTP-2013-32",
      SLACcitation   = "%%CITATION = ARXIV:1306.3512;%%",
}

@article{Starobinsky:1980te,
      author         = "Starobinsky, Alexei A.",
      title          = "{A New Type of Isotropic Cosmological Models Without
                        Singularity}",
      journal        = "Phys.Lett.",
      volume         = "B91",
      pages          = "99-102",
      doi            = "10.1016/0370-2693(80)90670-X",
      year           = "1980",
      SLACcitation   = "%%CITATION = PHLTA,B91,99;%%",
}

@article{Fakir:1990eg,
      author         = "Fakir, R. and Unruh, W.G.",
      title          = "{Improvement on cosmological chaotic inflation through
                        nonminimal coupling}",
      journal        = "Phys.Rev.",
      volume         = "D41",
      pages          = "1783-1791",
      doi            = "10.1103/PhysRevD.41.1783",
      year           = "1990",
      SLACcitation   = "%%CITATION = PHRVA,D41,1783;%%",
}

@article{Lewis:2002ah,
      author         = "Lewis, Antony and Bridle, Sarah",
      title          = "{Cosmological parameters from CMB and other data: A Monte
                        Carlo approach}",
      journal        = "Phys.Rev.",
      volume         = "D66",
      pages          = "103511",
      doi            = "10.1103/PhysRevD.66.103511",
      year           = "2002",
      eprint         = "astro-ph/0205436",
      archivePrefix  = "arXiv",
      primaryClass   = "astro-ph",
      SLACcitation   = "%%CITATION = ASTRO-PH/0205436;%%",
}

@article{Seery:2008qj,
      author         = "Seery, David and Malik, Karim A. and Lyth, David H.",
      title          = "{Non-gaussianity of inflationary field perturbations from
                        the field equation}",
      journal        = "JCAP",
      volume         = "0803",
      pages          = "014",
      doi            = "10.1088/1475-7516/2008/03/014",
      year           = "2008",
      eprint         = "0802.0588",
      archivePrefix  = "arXiv",
      primaryClass   = "astro-ph",
      SLACcitation   = "%%CITATION = ARXIV:0802.0588;%%",
}

@article{Einstein:1916vd,
      author         = "Einstein, Albert",
      title          = "{The Foundation of the General Theory of Relativity}",
      journal        = "Annalen Phys.",
      volume         = "49",
      pages          = "769-822",
      doi            = "10.1002/andp.200590044",
      year           = "1916",
      SLACcitation   = "%%CITATION = ANPYA,49,769;%%",
}

@article{Linde:1981mu,
      author         = "Linde, Andrei D.",
      title          = "{A New Inflationary Universe Scenario: A Possible
                        Solution of the Horizon, Flatness, Homogeneity, Isotropy
                        and Primordial Monopole Problems}",
      journal        = "Phys.Lett.",
      volume         = "B108",
      pages          = "389-393",
      doi            = "10.1016/0370-2693(82)91219-9",
      year           = "1982",
      reportNumber   = "LEBEDEV-81-229",
      SLACcitation   = "%%CITATION = PHLTA,B108,389;%%",
}

@article{Mukhanov:1981xt,
      author         = "Mukhanov, Viatcheslav F. and Chibisov, G. V.",
      title          = "{Quantum Fluctuation and Nonsingular Universe. (In
                        Russian)}",
      journal        = "JETP Lett.",
      volume         = "33",
      pages          = "532-535",
      year           = "1981",
      SLACcitation   = "%%CITATION = JTPLA,33,532;%%",
}

@article{Linde:2011nh,
      author         = "Linde, Andrei and Noorbala, Mahdiyar and Westphal,
                        Alexander",
      title          = "{Observational consequences of chaotic inflation with
                        nonminimal coupling to gravity}",
      journal        = "JCAP",
      volume         = "1103",
      pages          = "013",
      doi            = "10.1088/1475-7516/2011/03/013",
      year           = "2011",
      eprint         = "1101.2652",
      archivePrefix  = "arXiv",
      primaryClass   = "hep-th",
      reportNumber   = "DESY-11-013",
      SLACcitation   = "%%CITATION = ARXIV:1101.2652;%%",
}

@article{Kallosh:2014xwa,
      author         = "Kallosh, Renata and Linde, Andrei and Westphal,
                        Alexander",
      title          = "{Chaotic Inflation in Supergravity after Planck and
                        BICEP2}",
      journal        = "Phys.Rev.",
      number         = "2",
      volume         = "D90",
      pages          = "023534",
      doi            = "10.1103/PhysRevD.90.023534",
      year           = "2014",
      eprint         = "1405.0270",
      archivePrefix  = "arXiv",
      primaryClass   = "hep-th",
      reportNumber   = "DESY-14-066",
      SLACcitation   = "%%CITATION = ARXIV:1405.0270;%%",
}






